<?xml version="1.0" encoding="UTF-8"?>
<record xmlns="http://www.loc.gov/MARC21/slim" xmlns:xsi="http://www.w3.org/2001/XMLSchema-instance" xsi:schemaLocation="http://www.loc.gov/MARC21/slim http://www.loc.gov/standards/marcxml/schema/MARC21slim.xsd">
<leader>     nam a2200337 a 4500</leader>
<controlfield tag="001">001692989</controlfield>
<controlfield tag="003">NNU</controlfield>
<controlfield tag="005">20061010171010.0</controlfield>
<controlfield tag="008">010109s1890    ua            000 0 ara d</controlfield>
<datafield tag="035" ind1="9" ind2=" ">
<subfield code="a">NYUb12238496</subfield>
</datafield>
<datafield tag="035" ind1=" " ind2=" ">
<subfield code="a">(CStRLIN)NYUG01-B162</subfield>
</datafield>
<datafield tag="040" ind1=" " ind2=" ">
<subfield code="a">NNU</subfield>
<subfield code="c">NNU</subfield>
</datafield>
<datafield tag="050" ind1=" " ind2="4">
<subfield code="a">BP75.2</subfield>
<subfield code="b">.N87 1890</subfield>
</datafield>
<datafield tag="066" ind1=" " ind2=" ">
<subfield code="c">(3</subfield>
</datafield>
<datafield tag="090" ind1=" " ind2=" ">
<subfield code="a">BP75.2</subfield>
<subfield code="b">.N87 1890</subfield>
</datafield>
<datafield tag="100" ind1="1" ind2=" ">
<subfield code="6">880-01</subfield>
<subfield code="a">Nūr al-Dīn al-Ḥalabī, ʻAlī ibn Ibrāhīm,</subfield>
<subfield code="d">1567 or 8-1635.</subfield>
</datafield>
<datafield tag="240" ind1="1" ind2="0">
<subfield code="6">880-02</subfield>
<subfield code="a">Sīrah al-Ḥalabīyah</subfield>
</datafield>
<datafield tag="245" ind1="1" ind2="0">
<subfield code="6">880-03</subfield>
<subfield code="a">Insān al-ʻuyūn fī sīrat al-amīn al-maʼmūn al-maʻrūfah bi-al-Sīrah al-Ḥalabīyah /</subfield>
<subfield code="c">taʼlīf ʻAlī ibn Burhān al-Dīn al-Ḥalabī al-Shāfiʻī. Wa-bi-hāmishihi al-Sīrah al-Nabawīyah wa-al-āthār al-Muḥammadīyah / li-Aḥmad Zaynī al-mashhūr bi-Daḥlān.</subfield>
</datafield>
<datafield tag="246" ind1="3" ind2=" ">
<subfield code="6">880-04</subfield>
<subfield code="a">Sīrah al-Ḥalabīyah</subfield>
</datafield>
<datafield tag="246" ind1="3" ind2=" ">
<subfield code="6">880-05</subfield>
<subfield code="a">Sīrah al-Nabawīyah wa-al-āthār al-Muḥammadīyah</subfield>
</datafield>
<datafield tag="260" ind1=" " ind2=" ">
<subfield code="6">880-06</subfield>
<subfield code="a">Miṣr :</subfield>
<subfield code="b">Maṭbaʻat Muḥammad Muṣṭafá,</subfield>
<subfield code="c">[1890?]</subfield>
</datafield>
<datafield tag="300" ind1=" " ind2=" ">
<subfield code="a">3 v. ;</subfield>
<subfield code="c">27 cm.</subfield>
</datafield>
<datafield tag="600" ind1="0" ind2="0">
<subfield code="a">Muḥammad,</subfield>
<subfield code="c">Prophet,</subfield>
<subfield code="d">d. 632</subfield>
<subfield code="v">Early works to 1800.</subfield>
</datafield>
<datafield tag="700" ind1="1" ind2=" ">
<subfield code="6">880-07</subfield>
<subfield code="a">Daḥlān, Aḥmad ibn Zaynī,</subfield>
<subfield code="d">1816 or 17-1886.</subfield>
<subfield code="t">Sīrah al-Nabawīyah.</subfield>
</datafield>
<datafield tag="880" ind1="1" ind2=" ">
<subfield code="6">100-01/</subfield>
<subfield code="a">نور الدين الحلبي، علي بن إبراهيم.</subfield>
</datafield>
<datafield tag="880" ind1="1" ind2="0">
<subfield code="6">240-02/</subfield>
<subfield code="a">سيرة الحلبية.</subfield>
</datafield>
<datafield tag="880" ind1="1" ind2="0">
<subfield code="6">245-03/</subfield>
<subfield code="a">إنسان العيون في سيرة الأمين المأمون المعروفة بالسيرة الحلبية /</subfield>
<subfield code="c">تأليف علي بن برهان الدين الحلبي الشافعي. وبهامشه السيرة النبوية والآثار المحمدية / لأحمد زيني المشهور بدحلان.</subfield>
</datafield>
<datafield tag="880" ind1="3" ind2=" ">
<subfield code="6">246-04/</subfield>
<subfield code="a">سيرة الحلبية</subfield>
</datafield>
<datafield tag="880" ind1="3" ind2=" ">
<subfield code="6">246-05/</subfield>
<subfield code="a">سيرة النبوية والآثار المحمدية</subfield>
</datafield>
<datafield tag="880" ind1=" " ind2=" ">
<subfield code="6">260-06/</subfield>
<subfield code="a">مصر :</subfield>
<subfield code="b">مطبعة محمد مصطفى،</subfield>
<subfield code="c">[1890?]</subfield>
</datafield>
<datafield tag="880" ind1="1" ind2=" ">
<subfield code="6">700-07/</subfield>
<subfield code="a">دحلان، أحمد بن زيني.</subfield>
<subfield code="t">سيرة النبوية.</subfield>
</datafield>
<datafield tag="OWN" ind1=" " ind2=" ">
<subfield code="a">GENERAL</subfield>
</datafield>
<datafield tag="998" ind1=" " ind2=" ">
<subfield code="a">20010109</subfield>
<subfield code="d">20010109</subfield>
<subfield code="d">20010109</subfield>
<subfield code="n">NNU</subfield>
<subfield code="s">1</subfield>
<subfield code="t">c</subfield>
<subfield code="z">p</subfield>
</datafield>
<datafield tag="AVA" ind1=" " ind2=" ">
<subfield code="a">NYU50</subfield>
<subfield code="b">BOBST</subfield>
<subfield code="c">Main Collection</subfield>
<subfield code="d">BP75.2 .N87 1890</subfield>
<subfield code="e">unavailable</subfield>
<subfield code="t">Unavailable</subfield>
<subfield code="f">3</subfield>
<subfield code="g">3</subfield>
<subfield code="h">Y</subfield>
<subfield code="i">3</subfield>
<subfield code="j">MAIN</subfield>
<subfield code="k">0</subfield>
</datafield>
</record>
